@misc{Cloc,
	howpublished = "\url{http://cloc.sourceforge.net/}"
}

@misc{BeosWiki,
	howpublished = "\url{http://en.wikipedia.org/wiki/Beos}"
}

@misc{GSOCWiki,
	howpublished = "\url{http://en.wikipedia.org/wiki/Google_Summer_of_Code}"
}

@misc{BFSWiki,
	howpublished = "\url{http://en.wikipedia.org/wiki/Be_File_System}"
}

@misc{HaikuWiki,
	howpublished = "\url{http://en.wikipedia.org/wiki/Haiku_(operating_system)}"
}

@misc{HaikuHistoryWiki,
	howpublished = "\url{http://en.wikipedia.org/wiki/History_of_Haiku_(operating_system)}"
}

@misc{VMDKWiki,
	howpublished = "\url{http://en.wikipedia.org/wiki/VMDK}"
}

@misc{HaikuAbout,
	howpublished = "\url{http://www.haiku-os.org/about}"
}

@misc{HaikuFaq,
	howpublished = "\url{http://www.haiku-os.org/about/faq}"
}

@misc{HaikuHist,
	howpublished = "\url{http://www.haiku-os.org/about/history}"
}

@misc{HaikuContrib,
	howpublished = "\url{http://www.ohloh.net/p/haiku/contributors}"
}

@misc{HaikuComm,
	howpublished = "\url{http://www.haiku-os.org/community}"
}

@misc{HaikuGSOC,
	howpublished = "\url{http://www.haiku-os.org/community/gsoc}"
}

@misc{HaikuGSOC2010,
	howpublished = "\url{http://www.haiku-os.org/news/2010-09-12_google_summer_code_2010_wrap_report}"
}

@misc{HaikuWelcome,
	howpublished = "\url{http://www.haiku-os.org/docs/welcome/welcome_en.html}"
}

@misc{HaikuUserGuide,
	howpublished = "\url{http://www.haiku-os.org/docs/userguide/en/contents.html}"
}

@misc{HaikuGuides,
	howpublished = "\url{http://www.haiku-os.org/guides}"
}

@misc{HaikuGetSvn,
	howpublished = "\url{http://www.haiku-os.org/guides/building/get-source-svn}"
}

@misc{HaikuHIG,
	howpublished = "\url{http://api.haiku-os.org/HIG/}"
}

@misc{HaikuIcon,
	howpublished = "\url{http://www.haiku-os.org/development/icon-guidelines}"
}

@misc{HaikuDevStart,
	howpublished = "\url{http://www.haiku-os.org/development/getting-started}"
}

@misc{HaikuGet,
	howpublished = "\url{http://www.haiku-os.org/development/getting-started}"
}

@misc{HaikuR1A3Src,
	howpublished = "\url{http://www.haiku-files.org/files/releases/r1alpha3/sources/}"
}

@misc{HaikuRelease,
	howpublished = "\url{http://www.haiku-os.org/news/2011-06-20_haiku_release_1_alpha_3}"
}

@misc{HaikuR1A3Notes,
	howpublished = "\url{http://dev.haiku-os.org/wiki/R1/Alpha3/ReleaseNotes}"
}

@misc{HaikuLongContract,
	howpublished = "\url{http://www.haiku-os.org/news/2011-06-29_time_now_michael_lotz_long_term_contract}"
}

@misc{HaikuTracker,
	howpublished = "\url{http://dev.haiku-os.org/}"
}

@misc{HaikuFuture,
	howpublished = "\url{http://dev.haiku-os.org/wiki/FutureHaikuFeatures}"
}

@misc{HaikuInc,
	howpublished = "\url{http://www.haiku-inc.org/}"
}

@misc{HaikuIncContracts,
	howpublished = "\url{http://www.haiku-inc.org/funded-development.html}"
}

@misc{HaikuIncAbout,
	howpublished = "\url{http://www.haiku-inc.org/about.html}"
}

@misc{HaikuIncDocs,
	howpublished = "\url{http://www.haiku-inc.org/documents.html}"
}

@misc{HaikuIncDonors,
	howpublished = "\url{http://www.haiku-inc.org/public-sponsors.html}"
}

@misc{HaikuIncOrder,
	howpublished = "\url{http://www.haiku-inc.org/order-disc.html}"
}

@misc{HaikuPorts,
	howpublished = "\url{http://ports.haiku-files.org/}"
}

@misc{HaikuFiles,
	howpublished = "\url{http://www.haiku-files.org/}"
}

@misc{HaikuWare,
	howpublished = "\url{http://www.haikuware.com/}"
}

@misc{HaikuWareBounties,
	howpublished = "\url{http://www.haikuware.com/bounties}"
}

@misc{HaikuWareAbout,
	howpublished = "\url{http://www.haikuware.com/about-haikuware}"
}

@misc{HaikuThesis,
	howpublished = "\url{http://www.haiku-survey.com/}"
}

@misc{BeBits,
	howpublished = "\url{http://www.bebits.com/}"
}

@misc{HaikuDevFaq,
	howpublished = "\url{http://www.haiku-os.org/development/faq}"
}
